<record><leader>00000cas a2200000 a 4500</leader><controlfield tag="001">10037022</controlfield><controlfield tag="008">831020d19771994cauwn ne      0   a0eng c</controlfield><datafield ind1=" " ind2=" " tag="010"><subfield code="a">sn 83004544 </subfield></datafield><datafield ind1=" " ind2=" " tag="040"><subfield code="a">NSD</subfield><subfield code="b">eng</subfield><subfield code="c">NSD</subfield><subfield code="d">EBZ</subfield><subfield code="d">CNK</subfield><subfield code="d">OCLCQ</subfield><subfield code="d">CNK</subfield><subfield code="d">OCLCQ</subfield><subfield code="d">OCLCF</subfield><subfield code="d">OCLCO</subfield></datafield><datafield ind1=" " ind2=" " tag="012"><subfield code="m">1</subfield></datafield><datafield ind1="1" ind2=" " tag="022"><subfield code="a">0746-4290</subfield><subfield code="l">0746-4290</subfield><subfield code="2">1</subfield></datafield><datafield ind1="1" ind2=" " tag="029"><subfield code="a">AU@</subfield><subfield code="b">000020293521</subfield></datafield><datafield ind1=" " ind2=" " tag="032"><subfield code="a">112850</subfield><subfield code="b">USPS</subfield></datafield><datafield ind1=" " ind2=" " tag="037"><subfield code="b">The Suttertown News, 2791 24th St., Sacramento, CA 95818</subfield></datafield><datafield ind1=" " ind2=" " tag="042"><subfield code="a">nsdp</subfield><subfield code="a">pcc</subfield></datafield><datafield ind1=" " ind2="0" tag="222"><subfield code="a">Suttertown news</subfield></datafield><datafield ind1="0" ind2="0" tag="245"><subfield code="a">Suttertown news.</subfield></datafield><datafield ind1="1" ind2="3" tag="246"><subfield code="a">Suttertown good-time news</subfield></datafield><datafield ind1=" " ind2=" " tag="260"><subfield code="a">[Sacramento, Calif. :</subfield><subfield code="b">s.n.</subfield></datafield><datafield ind1=" " ind2=" " tag="300"><subfield code="a">v.</subfield></datafield><datafield ind1=" " ind2=" " tag="310"><subfield code="a">Weekly (except Christmas week),</subfield><subfield code="b">Mar. 22/28, 1980-Dec. 30, 1993/Jan. 6, 1994</subfield></datafield><datafield ind1=" " ind2=" " tag="321"><subfield code="a">Biweekly,</subfield><subfield code="b">Feb. 4, 1977-Feb. 23/Mar. 21, 1980</subfield></datafield><datafield ind1="0" ind2=" " tag="362"><subfield code="a">Vol. 2, no. 22 (Feb. 4, 1977)-</subfield></datafield><datafield ind1=" " ind2=" " tag="530"><subfield code="a">Master negatives are available for duplication from:</subfield><subfield code="b">California Newspaper Microfilm Archive;</subfield><subfield code="c">positive copies may be purchased by the reel; for further information consult the CNMA at:</subfield><subfield code="u">http://cbsr.ucr.edu</subfield></datafield><datafield ind1=" " ind2="0" tag="651"><subfield code="a">Sacramento (Calif.)</subfield><subfield code="v">Newspapers.</subfield></datafield><datafield ind1=" " ind2="7" tag="655"><subfield code="a">Newspapers.</subfield><subfield code="2">fast</subfield><subfield code="0">(OCoLC)fst01423814</subfield></datafield><datafield ind1=" " ind2="7" tag="651"><subfield code="a">California</subfield><subfield code="z">Sacramento.</subfield><subfield code="2">fast</subfield><subfield code="0">(OCoLC)fst01205542</subfield></datafield><datafield ind1=" " ind2=" " tag="752"><subfield code="a">United States</subfield><subfield code="b">California</subfield><subfield code="c">Sacramento</subfield><subfield code="d">Sacramento.</subfield></datafield><datafield ind1="0" ind2="0" tag="780"><subfield code="t">Suttertown good-time news</subfield><subfield code="w">(DLC)sn 95061854</subfield></datafield><datafield ind1=" " ind2=" " tag="936"><subfield code="a">Oct. 7-14, 1983</subfield></datafield></record>